<?xml version="1.0" encoding="UTF-8"?><collection xmlns="http://www.loc.gov/MARC21/slim"><record><leader>00489nam--2200181-i-4500</leader><controlfield tag="001">000015325</controlfield><controlfield tag="002">20161230</controlfield><controlfield tag="005">20161230201031</controlfield><controlfield tag="008">060222s1000------------r-----000-0-fre-d</controlfield><datafield ind1=" " ind2=" " tag="040"><subfield code="a">IFIN-HH</subfield></datafield><datafield ind1=" " ind2=" " tag="041"><subfield code="a">fre</subfield></datafield><datafield ind1=" " ind2=" " tag="080"><subfield code="a">53.08</subfield></datafield><datafield ind1="1" ind2=" " tag="100"><subfield code="a">Bouasse, H</subfield></datafield><datafield ind1="1" ind2="0" tag="245"><subfield code="a">Construction description et emploi des appareils de mesure et d`observation</subfield><subfield code="c">H. bouasse</subfield></datafield><datafield ind1=" " ind2=" " tag="260"><subfield code="a">Paris</subfield><subfield code="b">Librairie Dselagrave</subfield><subfield code="c">1921</subfield></datafield><datafield ind1=" " ind2=" " tag="300"><subfield code="a">XXX + 629 P</subfield></datafield><datafield ind1=" " ind2=" " tag="852"><subfield code="a">72051</subfield><subfield code="c">H.H</subfield></datafield><datafield ind1=" " ind2=" " tag="CAT"><subfield code="a">Sys</subfield><subfield code="c">20130417</subfield><subfield code="h">165109</subfield></datafield></record></collection>